<record><leader>00000cas a22000007a 4500</leader><controlfield tag="001">13015677</controlfield><controlfield tag="008">860113d19331945utuwr ne      0    0eng d</controlfield><datafield ind1=" " ind2=" " tag="010"><subfield code="a">sn 86091046 </subfield></datafield><datafield ind1=" " ind2=" " tag="040"><subfield code="a">UNP</subfield><subfield code="b">eng</subfield><subfield code="c">UNP</subfield><subfield code="d">UBY</subfield><subfield code="d">OCLCQ</subfield><subfield code="d">OCLCO</subfield></datafield><datafield ind1=" " ind2=" " tag="042"><subfield code="a">msc</subfield></datafield><datafield ind1=" " ind2=" " tag="043"><subfield code="a">n-us-ut</subfield></datafield><datafield ind1=" " ind2="4" tag="050"><subfield code="a">AN2.U8</subfield><subfield code="b">V64</subfield></datafield><datafield ind1="0" ind2="4" tag="245"><subfield code="a">The Voice of Sharon.</subfield></datafield><datafield ind1=" " ind2=" " tag="260"><subfield code="a">Provo, Utah :</subfield><subfield code="b">Sharon's Cooperative Educational and Recreational Association</subfield></datafield><datafield ind1=" " ind2=" " tag="300"><subfield code="a">v. :</subfield><subfield code="b">ill.</subfield></datafield><datafield ind1=" " ind2=" " tag="310"><subfield code="a">Weekly,</subfield><subfield code="b">Dec. 17, 1937-</subfield></datafield><datafield ind1=" " ind2=" " tag="321"><subfield code="a">Semimonthly,</subfield><subfield code="b">&lt;Oct. 22-Dec. 3, 1937&gt;</subfield></datafield><datafield ind1=" " ind2=" " tag="321"><subfield code="a">Monthly</subfield></datafield><datafield ind1="1" ind2=" " tag="362"><subfield code="a">Began with Aug. 5, 1933 issue.</subfield></datafield><datafield ind1="1" ind2=" " tag="362"><subfield code="a">Ceased in 1945.</subfield><subfield code="z">Cf. NIM, 1948-83.</subfield></datafield><datafield ind1=" " ind2=" " tag="500"><subfield code="a">Printed at the office of: Utah Valley news and "The journal."</subfield></datafield><datafield ind1=" " ind2=" " tag="588"><subfield code="a">Description based on: Vol. 5, no. 1 (Aug. 6, 1937).</subfield></datafield><datafield ind1="2" ind2="0" tag="610"><subfield code="a">Church of Jesus Christ of Latter-day Saints.</subfield><subfield code="b">Orem Utah Sharon Stake.</subfield></datafield><datafield ind1=" " ind2="0" tag="650"><subfield code="a">Newspapers.</subfield></datafield><datafield ind1=" " ind2="0" tag="651"><subfield code="a">Orem (Utah)</subfield><subfield code="v">Newspapers.</subfield></datafield><datafield ind1=" " ind2="0" tag="651"><subfield code="a">Provo (Utah)</subfield><subfield code="v">Newspapers.</subfield></datafield><datafield ind1=" " ind2="0" tag="651"><subfield code="a">Utah County (Utah)</subfield><subfield code="v">Newspapers.</subfield></datafield><datafield ind1=" " ind2=" " tag="752"><subfield code="a">United States</subfield><subfield code="b">Utah</subfield><subfield code="c">Utah</subfield><subfield code="d">Provo.</subfield></datafield><datafield ind1="0" ind2=" " tag="787"><subfield code="t">Utah Valley news and "The journal"</subfield><subfield code="w">(DLC)sn 86091046</subfield><subfield code="w">(OCoLC)13015677</subfield></datafield></record>